<record><leader>00000cas a22000007a 4500</leader><controlfield tag="001">15215488</controlfield><controlfield tag="008">870219d18441846msuwr ne      0    0eng d</controlfield><datafield ind1=" " ind2=" " tag="010"><subfield code="a">sn 87065145 </subfield></datafield><datafield ind1=" " ind2=" " tag="040"><subfield code="a">MJA</subfield><subfield code="b">eng</subfield><subfield code="c">MJA</subfield><subfield code="d">MSJ</subfield><subfield code="d">OCLCQ</subfield><subfield code="d">OCLCG</subfield><subfield code="d">OCLCQ</subfield><subfield code="d">OCLCF</subfield></datafield><datafield ind1=" " ind2=" " tag="042"><subfield code="a">msc</subfield></datafield><datafield ind1="0" ind2=" " tag="130"><subfield code="a">Harry of the West (Grenada, Miss.)</subfield></datafield><datafield ind1="1" ind2="0" tag="245"><subfield code="a">Harry of the West.</subfield></datafield><datafield ind1=" " ind2=" " tag="260"><subfield code="a">Grenada, Miss. :</subfield><subfield code="b">J.J. Choate, Jr.,</subfield><subfield code="c">-1846.</subfield></datafield><datafield ind1=" " ind2=" " tag="310"><subfield code="a">Weekly</subfield></datafield><datafield ind1="1" ind2=" " tag="362"><subfield code="a">Began in 1844.</subfield></datafield><datafield ind1="0" ind2=" " tag="362"><subfield code="a">-v. 4, no. 1 (Mar. 14, 1846).</subfield></datafield><datafield ind1=" " ind2=" " tag="500"><subfield code="a">Whig campaign paper supporting Henry Clay for President.</subfield></datafield><datafield ind1=" " ind2=" " tag="588"><subfield code="a">Description based on: Vol. 1, no. 2 (Mar. 16, 1844).</subfield></datafield><datafield ind1="1" ind2="0" tag="600"><subfield code="a">Clay, Henry,</subfield><subfield code="d">1777-1852.</subfield></datafield><datafield ind1="1" ind2="7" tag="600"><subfield code="a">Clay, Henry,</subfield><subfield code="d">1777-1852.</subfield><subfield code="2">fast</subfield><subfield code="0">(OCoLC)fst00014376</subfield></datafield><datafield ind1=" " ind2=" " tag="752"><subfield code="a">United States</subfield><subfield code="b">Mississippi</subfield><subfield code="c">Grenada</subfield><subfield code="d">Grenada.</subfield></datafield></record>